<collection xmlns="http://www.loc.gov/MARC21/slim">
<record>
  <leader>00941nam0a22002291i 450 </leader>
  <controlfield tag="001">IT\ICCU\CNCE\053198</controlfield>
  <controlfield tag="005">20021009000000.0</controlfield>
  <datafield tag="012" ind1=" " ind2=" ">
    <subfield code="a">l.m- o-ue odt. osio (C) 1511 (Q)</subfield>
    <subfield code="2">fei</subfield>
  </datafield>
  <datafield tag="100" ind1=" " ind2=" ">
    <subfield code="a">20020926d1511        0itac0103    ba</subfield>
  </datafield>
  <datafield tag="101" ind1=" " ind2=" ">
    <subfield code="a">LAT</subfield>
  </datafield>
  <datafield tag="102" ind1=" " ind2=" ">
    <subfield code="a">IT</subfield>
  </datafield>
  <datafield tag="200" ind1="1" ind2=" ">
    <subfield code="a">Oratio Maximi Coruini Parthenopei Episcopi Eserniensis. Sanctissimo Iulio Secundo Pontifici Maximo dicta</subfield>
  </datafield>
  <datafield tag="210" ind1=" " ind2=" ">
    <subfield code="d">\1511!</subfield>
  </datafield>
  <datafield tag="215" ind1=" " ind2=" ">
    <subfield code="a">\4! c.</subfield>
    <subfield code="c">ill.</subfield>
    <subfield code="d"></subfield>
  </datafield>
  <datafield tag="300" ind1=" " ind2=" ">
    <subfield code="a">ANNULLATA !!!!! vedi 15752((Data, luogo e attrib. ed.-tip. desunte da rep.: v. STC Italian 16th century, p. 201. - Segn.: \a!4</subfield>
  </datafield>
  <datafield tag="620" ind1=" " ind2=" ">
    <subfield code="a">IT</subfield>
    <subfield code="d">Roma</subfield>
  </datafield>
  <datafield tag="700" ind1=" " ind2="1">
    <subfield code="a">Corvino,</subfield>
    <subfield code="b">Massimo</subfield>
    <subfield code="3">IT\ICCU\CNCA\003536</subfield>
  </datafield>
  <datafield tag="712" ind1="0" ind2="0">
    <subfield code="a">Beplin, Johann</subfield>
    <subfield code="3">IT\ICCU\CNCT\001177</subfield>
    <subfield code="4">650</subfield>
  </datafield>
  <datafield tag="790" ind1=" " ind2="1">
    <subfield code="a">Corvinus,</subfield>
    <subfield code="b">Maximus</subfield>
    <subfield code="3">IT\ICCU\CNCA\013765</subfield>
    <subfield code="z">Corvino, Massimo</subfield>
  </datafield>
  <datafield tag="791" ind1="0" ind2="0">
    <subfield code="a">Beplinus, Ioannes</subfield>
    <subfield code="3">IT\ICCU\CNCT\004342</subfield>
    <subfield code="z">Beplin, Johann</subfield>
  </datafield>
  <datafield tag="801" ind1=" " ind2="3">
    <subfield code="a">IT</subfield>
    <subfield code="b">ICCU</subfield>
    <subfield code="c">20201115</subfield>
  </datafield>
  <datafield tag="899" ind1=" " ind2=" ">
    <subfield code="a">Biblioteca universitaria. Bologna</subfield>
    <subfield code="1">BO0098</subfield>
    <subfield code="2">UBO BU</subfield>
  </datafield>
</record>
</collection>
